@book{Talbi2009,
  author    = {Talbi, El-Ghazali},
  title     = {Metaheuristics: From Design to Implementation},
  publisher = {Wiley},
  year      = {2009},
  isbn      = {978-0-470-27858-1},
  address   = {Hoboken, NJ},
  series    = {Wiley Series on Parallel and Distributed Computing}
}
@book{Garcia2020,
  author    = {García Garrido, Luciano and Martí Orosa, Luis and Pérez Sánchez, Luis},
  title     = {Temas de Simulación},
  publisher = {Facultad de Matemática y Computación, Universidad de la Habana},
  address   = {La Habana, Cuba}
}